<?xml version="1.0" encoding="UTF-8"?><collection xmlns="http://www.loc.gov/MARC21/slim"><record><leader>00513nam--2200157-i-4500</leader><controlfield tag="001">000009151</controlfield><controlfield tag="002">20161230</controlfield><controlfield tag="005">20170127233432</controlfield><controlfield tag="008">060222s1000------------r-----000-0-eng-d</controlfield><datafield ind1=" " ind2=" " tag="040"><subfield code="a">IFIN-HH</subfield></datafield><datafield ind1="1" ind2=" " tag="100"><subfield code="a">Black, Truman Dodd</subfield></datafield><datafield ind1="1" ind2="0" tag="245"><subfield code="a">The effect of uniaxial stress on the electron paramagnetic resonance of u3+ and nd3+ in caf2</subfield><subfield code="b">Dissertation</subfield><subfield code="c">Truman Dodd Black</subfield></datafield><datafield ind1=" " ind2=" " tag="260"><subfield code="a">Ann Arbor, Michigan</subfield><subfield code="b">University Microfilms, Inc</subfield><subfield code="c">1964</subfield></datafield><datafield ind1=" " ind2=" " tag="300"><subfield code="a">52 p</subfield></datafield><datafield ind1=" " ind2=" " tag="852"><subfield code="a">32284</subfield><subfield code="c">539.143.43</subfield></datafield><datafield ind1=" " ind2=" " tag="CAT"><subfield code="a">SYS</subfield><subfield code="c">20170127</subfield><subfield code="h">233432</subfield></datafield></record></collection>